<?xml version="1.0" encoding="UTF-8"?><collection xmlns="http://www.loc.gov/MARC21/slim"><record><leader>00383nam--2200133-i-4500</leader><controlfield tag="001">000031230</controlfield><controlfield tag="002">20161230</controlfield><controlfield tag="005">20161230201038</controlfield><controlfield tag="008">060222s1000------------r-----000-0-eng-d</controlfield><datafield ind1=" " ind2=" " tag="080"><subfield code="a">621.375.826:539.122(043)</subfield></datafield><datafield ind1=" " ind2=" " tag="100"><subfield code="a">Lompre, L.A</subfield></datafield><datafield ind1=" " ind2=" " tag="245"><subfield code="a">Ionisation multiphotonique d`atoms avec des impulsions laser ultra-courtes.these</subfield></datafield><datafield ind1=" " ind2=" " tag="260"><subfield code="a">Paris, Universite, 1979. 254p</subfield></datafield><datafield ind1=" " ind2=" " tag="852"><subfield code="a">48446</subfield></datafield></record></collection>